@misc{bedada2024real,
  title={Real Time Collision Avoidance with GPU-Computed Distance Maps}, 
      author={Wendwosen Bellete Bedada and Gianluca Palli},
      year={2024},
      eprint={2407.02363},
      archivePrefix={arXiv},
      primaryClass={cs.RO},
      url={https://arxiv.org/abs/2407.02363}, 
}

@misc{eppenberger2020leveraging,
  title={Leveraging Stereo-Camera Data for Real-Time Dynamic Obstacle Detection and Tracking}, 
      author={Thomas Eppenberger and Gianluca Cesari and Marcin Dymczyk and Roland Siegwart and Renaud Dubé},
      year={2020},
      eprint={2007.10743},
      archivePrefix={arXiv},
      primaryClass={cs.RO},
      url={https://arxiv.org/abs/2007.10743}, 
}

@inproceedings{xu2022real,
  title={A real-time dynamic obstacle tracking and mapping system for UAV navigation and collision avoidance with an RGB-D camera},
   url={http://dx.doi.org/10.1109/ICRA48891.2023.10161194},
   DOI={10.1109/icra48891.2023.10161194},
   booktitle={2023 IEEE International Conference on Robotics and Automation (ICRA)},
   publisher={IEEE},
   author={Xu, Zhefan and Zhan, Xiaoyang and Chen, Baihan and Xiu, Yumeng and Yang, Chenhao and Shimada, Kenji},
   year={2023},
   month=may, pages={10645–10651} 
}

@misc{ashraf2024v,
  title={V-CAS: A Realtime Vehicle Anti Collision System Using Vision Transformer on Multi-Camera Streams}, 
      author={Muhammad Waqas Ashraf and Ali Hassan and Imad Ali Shah},
      year={2024},
      eprint={2411.01963},
      archivePrefix={arXiv},
      primaryClass={cs.RO},
      url={https://arxiv.org/abs/2411.01963}, 
}

@article{li2022real,
  title={Real-time and efficient collision avoidance planning approach for safe human-robot interaction},
  author={Liu, Hongyan and Qu, Daokui and Xu, Fang and Du, Zhenjun and Jia, Kai and Song, Jilai and Liu, Mingmin},
  journal={Journal of Intelligent \& Robotic Systems},
  volume={105},
  number={4},
  pages={93},
  year={2022},
  publisher={Springer}
}

@article{yasin2020low,
  title={Low-cost ultrasonic based object detection and collision avoidance method for autonomous robots},
  author={Yasin, Jawad N and Mohamed, Sherif AS and Haghbayan, Mohammad-Hashem and Heikkonen, Jukka and Tenhunen, Hannu and Plosila, Juha},
  journal={International Journal of Information Technology},
  volume={13},
  pages={97--107},
  year={2021},
  publisher={Springer}
}

@article{darms2008obstacle,
  title={Obstacle detection and tracking for the urban challenge},
  author={Darms, Michael S and Rybski, Paul E and Baker, Christopher and Urmson, Chris},
  journal={IEEE Transactions on intelligent transportation systems},
  volume={10},
  number={3},
  pages={475--485},
  year={2009},
  publisher={IEEE}
}

@article{urmson2008autonomous,
  title={Autonomous driving in urban environments: Boss and the urban challenge},
  author={Urmson, Chris and Anhalt, Joshua and Bagnell, Drew and Baker, Christopher and Bittner, Robert and Clark, MN and Dolan, John and Duggins, Dave and Galatali, Tugrul and Geyer, Chris and others},
  journal={Journal of field Robotics},
  volume={25},
  number={8},
  pages={425--466},
  year={2008},
  publisher={Wiley Online Library}
}

@article{urmson2006robust,
  title={A robust approach to high-speed navigation for unrehearsed desert terrain},
  author={Urmson, Chris and Anhalt, Joshua and Bartz, Daniel and Clark, Michael and Galatali, Tugrul and Gutierrez, Alexander and Harbaugh, Sam and Johnston, Josh and Kato, Hiroki “Yu” and Koon, Phillip and others},
  journal={The 2005 DARPA Grand Challenge: The Great Robot Race},
  pages={45--102},
  year={2007},
  publisher={Springer}
}

@article{wettergreen2005sun,
  title={Sun-synchronous robotic exploration: Technical description and field experimentation},
  author={Wettergreen, David and Tompkins, Paul and Urmson, Chris and Wagner, Michael and Whittaker, William},
  journal={The International Journal of Robotics Research},
  volume={24},
  number={1},
  pages={3--30},
  year={2005},
  publisher={SAGE Publications}
}

@article{whittaker2001robotic,
  title={Robotic assembly of space solar-power facilities},
  author={Whittaker, William and Staritz, Peter and Ambrose, Rob and Kennedy, Brett and Fredrickson, Stephen and Parrish, Joe and Urmson, Chris},
  journal={Journal of Aerospace Engineering},
  volume={14},
  number={2},
  pages={59--64},
  year={2001},
  publisher={American Society of Civil Engineers}
}
